@Unpublished{honkanen2020,
author = {Ari-Pekka Honkanen and Simo Huotari},
title = {General procedure for calculating the elastic deformation and X-ray diffraction properties of toroidally and spherically bent crystal wafers},
note = {In preparation},
year = {2020},
}

@article{Honkanen_2016,
	year = 2016,
	month = {jul},
	publisher = {International Union of Crystallography ({IUCr})},
	volume = {49},
	number = {4},
	pages = {1284--1289},
	author = {Ari-Pekka Honkanen and Giulio Monaco and Simo Huotari},
	title = {A computationally efficient method to solve the Takagi{\textendash}Taupin equations for a large deformed crystal},
	journal = {Journal of Applied Crystallography},
	note={doi:10.1107/s1600576716010402}
}